% Incluye aquí la lista de referencias que utilices en tu trabajo.

% Los registros deben estar en formato BIBTEX:

% @documenttype{id-referencia,
%   title={El título del documento},
%   author={Apellido1, Nombre1 and Apellido2, Nombre2 and Apellido3, Nombre3},
%   year={AAAA},
%   publisher={Nombre editorial},
%}

% Por ejemplo:

% @book{dirac,
%    title={The Principles of Quantum Mechanics},
%    author={Paul Adrien Maurice Dirac},
%    isbn={9780198520115},
%    series={International series of monographs on physics},
%    year={1981},
%    publisher={Clarendon Press},
%}

% @article{moreno,
% author={Moreno,Freddy},
% year={2015},
% title={El Lorem Ipsum},
% journal={Salutem Scientia Spiritus},
% volume={1},
% number={2},
% pages={8-8},
% keywords={Medicine (General); R5-920},
% }

% La mayoría de bases de datos permiten descargar los registros en formato Bibtex. Te recomendamos que borres o comentes los campos que no deben aparecer en la referencia y que siempre revises la sección de Bibliografía para comprobar que las referencias están bien construidas.

% IMPORTANTE: en Látex hay una serie de caracteres especiales, que son: # $ % & \ ^ _ { } ~. Si aparecen en la bibliografía, tendrás un error al compilar. La mayoría se pueden escapar escribiendo \ delante. Para: \ utiliza \textbackslash ; para ^ \textasciitilde y para ~ \textasciicircum.

